<record><leader>00000cas a22000007a 4500</leader><controlfield tag="001">12361309</controlfield><controlfield tag="008">850808d18991901njudn ne      0    0eng d</controlfield><datafield ind1=" " ind2=" " tag="010"><subfield code="a">sn 85035934 </subfield></datafield><datafield ind1=" " ind2=" " tag="040"><subfield code="a">NPA</subfield><subfield code="b">eng</subfield><subfield code="c">NPA</subfield><subfield code="d">NJW</subfield><subfield code="d">OCLCQ</subfield></datafield><datafield ind1=" " ind2=" " tag="042"><subfield code="a">msc</subfield></datafield><datafield ind1="0" ind2=" " tag="130"><subfield code="a">Asbury Park journal (Asbury Park, N.J. : 1899)</subfield></datafield><datafield ind1="1" ind2="0" tag="245"><subfield code="a">Asbury Park journal.</subfield></datafield><datafield ind1=" " ind2=" " tag="260"><subfield code="a">Asbury Park, N.J. :</subfield><subfield code="b">Asbury Park Print. House,</subfield><subfield code="c">-1901.</subfield></datafield><datafield ind1=" " ind2=" " tag="300"><subfield code="a">v. :</subfield><subfield code="b">ill.</subfield></datafield><datafield ind1=" " ind2=" " tag="310"><subfield code="a">Daily (except Sun.)</subfield></datafield><datafield ind1="0" ind2=" " tag="362"><subfield code="a">-v. 18, no. 103 (Apr. 30, 1901).</subfield></datafield><datafield ind1="1" ind2=" " tag="362"><subfield code="a">Began in 1899?</subfield><subfield code="z">Cf. Wright, W.C. and Stellhorn, P.A. Direct. of N.J. newspapers.</subfield></datafield><datafield ind1=" " ind2=" " tag="530"><subfield code="a">Also issued on microfilm by Norton Micro Images.</subfield></datafield><datafield ind1=" " ind2=" " tag="580"><subfield code="a">Weekly ed.: Asbury Park journal (1876).</subfield></datafield><datafield ind1=" " ind2=" " tag="588"><subfield code="a">Description based on: Vol. 17, no. 1 (Jan. 1, 1900).</subfield></datafield><datafield ind1=" " ind2=" " tag="752"><subfield code="a">United States</subfield><subfield code="b">New Jersey</subfield><subfield code="c">Monmouth</subfield><subfield code="d">Asbury Park.</subfield></datafield><datafield ind1="1" ind2=" " tag="775"><subfield code="t">Asbury Park journal (1876)</subfield><subfield code="w">(DLC)sn 83032072</subfield><subfield code="w">(OCoLC)10135657</subfield></datafield><datafield ind1="0" ind2="0" tag="780"><subfield code="t">Daily journal (Asbury Park, N.J.)</subfield><subfield code="w">(DLC)sn 85035933</subfield><subfield code="w">(OCoLC)12361306</subfield></datafield><datafield ind1="0" ind2="0" tag="785"><subfield code="t">Journal (Asbury Park, N.J.)</subfield><subfield code="w">(DLC)sn 85035935</subfield><subfield code="w">(OCoLC)12361315</subfield></datafield></record>